@online{filament,
    author = {Dan Harrin et al.},
    title = {filement website},
    urldate = {2023-04-01},
    url = {https://filamentphp.com},
}

@book{gamma-design-patterns,
    author = {Erich Gamma et al.},
    title = {Design Patterns},
    subtitle = {Elements of Reusable Object-Oriented Software},
    date = {1994},
}

@book{buschmann-pattern-oriented-software-architecture,
    author = {Frank Buschmann et al.},
    title = {Pattern-Oriented Software Architecture},
    subtitle = {Volume 1: A System of Patterns},
    date = {1996},
}

@online{filament-v3-plans,
    author = {Dan Harrin},
    title = {Filament v3 Plans},
    url = {https://github.com/filamentphp/filament/discussions/3654},
}

@online{filament-v3,
    author = {Dan Harrin},
    title = {Filament v3: App framework for the TALL stack},
    url = {https://github.com/filamentphp/filament/discussions/4400},
}
